<record><leader>00000cas a2200000 a 4500</leader><controlfield tag="001">40530546</controlfield><controlfield tag="008">981221d19952005iluwr ne      0    0eng c</controlfield><datafield ind1=" " ind2=" " tag="010"><subfield code="a">sn 98063301 </subfield></datafield><datafield ind1=" " ind2=" " tag="040"><subfield code="a">NVF</subfield><subfield code="b">eng</subfield><subfield code="c">NVF</subfield><subfield code="d">CVF</subfield><subfield code="d">NVF</subfield><subfield code="d">OCLCQ</subfield><subfield code="d">OCLCF</subfield><subfield code="d">OCLCO</subfield></datafield><datafield ind1="1" ind2=" " tag="029"><subfield code="a">AU@</subfield><subfield code="b">000014498276</subfield></datafield><datafield ind1=" " ind2=" " tag="042"><subfield code="a">pcc</subfield></datafield><datafield ind1=" " ind2=" " tag="043"><subfield code="a">n-us-il</subfield></datafield><datafield ind1="0" ind2="0" tag="245"><subfield code="a">Warrenville post.</subfield></datafield><datafield ind1=" " ind2=" " tag="260"><subfield code="a">Warrenville, Ill. :</subfield><subfield code="b">Stuart S. Stone,</subfield><subfield code="c">1995-2005.</subfield></datafield><datafield ind1=" " ind2=" " tag="300"><subfield code="a">v.</subfield></datafield><datafield ind1=" " ind2=" " tag="310"><subfield code="a">Weekly</subfield></datafield><datafield ind1="0" ind2=" " tag="362"><subfield code="a">Vol. 1, no. 1 (Oct. 18, 1995)-v. 10, no. 5 (Mar. 24, 2005).</subfield></datafield><datafield ind1=" " ind2=" " tag="500"><subfield code="a">Also published in Oak Brook, Ill.</subfield></datafield><datafield ind1=" " ind2="0" tag="651"><subfield code="a">Warrenville (Ill.)</subfield><subfield code="v">Newspapers.</subfield></datafield><datafield ind1=" " ind2="7" tag="655"><subfield code="a">Newspapers.</subfield><subfield code="2">fast</subfield><subfield code="0">(OCoLC)fst01423814</subfield></datafield><datafield ind1=" " ind2="7" tag="651"><subfield code="a">Illinois</subfield><subfield code="z">Warrenville.</subfield><subfield code="2">fast</subfield><subfield code="0">(OCoLC)fst01225228</subfield></datafield><datafield ind1=" " ind2=" " tag="752"><subfield code="a">United States</subfield><subfield code="b">Illinois</subfield><subfield code="c">DuPage</subfield><subfield code="d">Warrenville.</subfield></datafield><datafield ind1=" " ind2=" " tag="752"><subfield code="a">United States</subfield><subfield code="b">Illinois</subfield><subfield code="c">DuPage</subfield><subfield code="d">Oak Brook.</subfield></datafield><datafield ind1="1" ind2="7" tag="785"><subfield code="t">West Chicago press</subfield><subfield code="w">(DLC)sn 88086054</subfield><subfield code="w">(OCoLC)17537783</subfield></datafield><datafield ind1="1" ind2="7" tag="785"><subfield code="t">Winfield press (Winfield, Ill.)</subfield><subfield code="w">(DLC)sn2002060795</subfield><subfield code="w">(OCoLC)51239458</subfield></datafield><datafield ind1="1" ind2="7" tag="785"><subfield code="t">Press (Oak Brook, Ill. : 2005)</subfield><subfield code="w">(DLC)  2010271321</subfield><subfield code="w">(OCoLC)610234734</subfield></datafield></record>